General Particle Physics
************************

@article{PDG2,
    author="W-M~Yao, and others",
    title="Review of Particle Physics",
    journal="J.~Phys.~G:~Nucl.~Part.~Phys.",
    volume="33",
    number="1",
    pages="1",
    howpublished ="\url{http://stacks.iop.org/0954-3899/33/i=1/a=001}",
    year="2006",
}

@article{Highland,
    title = "Some practical remarks on multiple scattering ",
    journal = "Nucl. Instrum. Meth.",
    volume = "129",
    number = "2",
    pages = "497 - 499",
    year = "1975",
    note = "",
    issn = "0029-554X",
    doi = "10.1016/0029-554X(75)90743-0",
    author = "V.~L.~Highland",
}

url = "http://www.sciencedirect.com/science/article/pii/0029554X75907430",

Kalman Filter
*************

@article{Fruhwirth,
    author       = "R.~Fruhwirth",
    title        = "Application of Kalman filtering to track and vertex fitting",
    journal      = "Nucl. Instrum. Meth.",
    volume       = "A262",
    pages        = "444 - 450",
    number       = "2",
    year         = "1987",
    doi          = "10.1016/0168-9002(87)90887-4",
}
number       = "HEPHY-PUB-503",

@article{Billoir,
    author = "P.~Billoir",
    title = "Track fitting with multiple scattering: A new method ",
    journal = "Nucl. Instrum. Meth.",
    volume = "225",
    number = "2",
    pages = "352 - 366",
    year = "1984",
    issn = "0167-5087",
    doi = "10.1016/0167-5087(84)90274-6",
}
url = "http://www.sciencedirect.com/science/article/pii/0167508784902746",

@book{Goodwin,
    author = "Goodwin, G.C. and Sang~Sin, K.",
    title = "Adaptive filtering prediction and control",
    publisher = "Prentice-Hall",
    year = "1984",
}

Websites
********

@misc{xslt,
 note = "\href{https://www.w3.org/standards/xml/transformation}{https://www.w3.org/standards/xml/transformation}",
}

@misc{fedora,
   note = "\href{https://getfedora.org}{https://getfedora.org}",
}

@misc{scilinux,
    note = "\href{https://scientifixlinux.org}{https://scientificlinux.org}",
}

@misc{ubuntu,
    note = "\href{https://ubuntu.com}{https://ubuntu.com}",
}

@misc{centos,
  note = "\href{https://centos.org}{https://centos.org}",
}

@misc{libxml,
  note = "\href{https://xmlsoft.org}{https://xmlsoft.org}",
}

@misc{Launchpad,
  note = "\href{http://launchpad.net}{http://launchpad.net}",
}
@misc{GridPP,
  note = "\href{http://www.gridpp.ac.uk/}{www.gridpp.ac.uk/}",
}
@misc{Jenkins,
  note = "\href{http://jenkins-ci.org}{http://jenkins-ci.org}",
}
@misc{JSON,
  note = "\href{http://json.org}{http://json.org}",
}
@misc{JSONCPP,
    note = "\href{https://github.com/open-source-parsers/jsoncpp}{https://github.com/open-source-parsers/jsoncpp}",
}
@misc{Django,
    note = "\href{https://www.djangoproject.com/}{https://www.djangoproject.com/}",
}
@misc{SWIG,
  note = "\href{http://www.swig.org/}{http://www.swig.org/}",
}

@misc{SCONS,
  note = "\href{http://scons.org/}{http://scons.org/}",
}

@misc{bazaar,
    note = "\href{https://bazaar.canonical.com}{https://bazaar.canonical.com}",
}

@misc{fastrad,
    note = "\href{http://fastrad.net}{http://fastrad.net}",
}
ICOOL
*****

@inproceedings{ICOOL,
  author = "Fernow, R. C.",
  year = "1999",
  title = "ICOOL: A simulation code for ionization cooling of muon beams",
  booktitle = "Proc. 1999 Particle Accelerator Conference, New York",
}

MICE Entries
************

Journal and arXiv Papers
------------------------
@article{TrackerSoftwareJINST,
  author={A. Dobbs and C. Hunt and K. Long and E. Santos and M.A. Uchida and P. Kyberd and C. Heidt and S. Blot and E. Overton},
  title={The reconstruction software for the MICE scintillating fibre trackers},
  journal={JINST},
  volume={11},
  number={12},
  pages={T12001},
  url={http://stacks.iop.org/1748-0221/11/i=12/a=T12001},
  year={2016},
  abstract={The Muon Ionization Cooling Experiment (MICE) will demonstrate the principle of muon beam phase-space reduction via ionization cooling. Muon beam cooling will be required for the proposed Neutrino Factory or Muon Collider. The phase-space before and after the cooling cell must be measured precisely. This is achieved using two scintillating-fibre trackers, each placed in a solenoidal magnetic field. This paper describes the software reconstruction for the fibre trackers: the GEANT4 based simulation; the implementation of the geometry; digitisation; space-point reconstruction; pattern recognition; and the final track fit based on a Kalman filter. The performance of the software is evaluated by means of Monte Carlo studies and the precision of the final track reconstruction is evaluated.}
}

@article{BeamlineJINST,
    author         = "Bogomilov, M. and others",
    title          = "{The MICE Muon Beam on ISIS and the beam-line instrumentation of the Muon Ionization Cooling Experiment}",
    journal        = "JINST",
    volume         = "7",
    pages          = "P05009",
    doi            = "10.1088/1748-0221/7/05/P05009",
    year           = "2012",
    eprint         = "1203.4089",
    archivePrefix  = "arXiv",
    reportNumber   = "FERMILAB-PUB-12-886-APC",
    SLACcitation   = "%%CITATION = ARXIV:1203.4089;%%",
}
@article{BeamCharacterisationEurPhysJ,
    author         = "Adams, D. and others",
    title          = "{Characterisation of the muon beams for the Muon
                       Ionisation Cooling Experiment}",
    collaboration  = "MICE",
    journal        = "Eur. Phys. J.",
    volume         = "C73",
    year           = "2013",
    number         = "10",
    pages          = "2582",
    doi            = "10.1140/epjc/s10052-013-2582-8",
    eprint         = "1306.1509",
    archivePrefix  = "arXiv",
    primaryClass   = "physics.acc-ph",
    reportNumber   = "FERMILAB-PUB-13-602-APC",
    SLACcitation   = "%%CITATION = ARXIV:1306.1509;%%"
}
@article{PionContaminationJINST,
      author         = "Adams, D. and others",
      title          = "{Pion Contamination in the MICE Muon Beam}",
      collaboration  = "MICE",
      journal        = "JINST",
      volume         = "11",
      year           = "2016",
      number         = "03",
      pages          = "P03001",
      doi            = "10.1088/1748-0221/11/03/P03001",
      eprint         = "1511.00556",
      archivePrefix  = "arXiv",
      primaryClass   = "physics.ins-det",
      reportNumber   = "RAL-P-2015-009, FERMILAB-PUB-16-011-APC",
      SLACcitation   = "%%CITATION = ARXIV:1511.00556;%%"
}
@article{EMRJINST,
  year           = "2015",
  title          = "{Electron-muon ranger: performance in the MICE muon beam}",
  journal        = "JINST",
  volume         = "10",
  number         = "12",
  pages          = "P12012",
  author         = "Adams, D. and others",
  language       = "English",
  doi            = "10.1088/1748-0221/10/12/P12012",
  eprint         = "1510.08306",
  archivePrefix  = "arXiv",
  primaryClass   = "physics.ins-det",
}
@article{EMRJINST11,
  title = "{The design and construction of the MICE Electron-Muon Ranger}",
  author = "R. Asfandiyarov et al.",
  journal = "JINST",
  volume = "11",
  number = "10",
  pages = "T10007",
  year = "2016",
}
The design and construction of the MICE Electron-Muon Ranger,‚Äù JINST 11
no. 10, (2016) T10007
@article{MiceTarget,
      author         = "Booth, C.N. and Hodgson, P. and Howlett, L. and Nicholson, R. and Overton, E. and others",
      title          = "{The design, construction and performance of the MICE target}",
      journal        = "JINST",
      volume         = "8",
      pages          = "P03006",
      doi            = "10.1088/1748-0221/8/03/P03006",
      year           = "2013",
      eprint         = "1211.6343",
      archivePrefix  = "arXiv",
      primaryClass   = "physics.ins-det",
      reportNumber   = "MICE-PUB-BEAM-392-IC-HEP-12-07-RAL-P-2012-006, MICE-PUB-BEAM-392, IC-HEP-12-07, RAL-P-2012-007",
      SLACcitation   = "%%CITATION = ARXIV:1211.6343;%%",
}
@article{TrackersNIM,
      author         = "Ellis, M. and Hobson, P.R. and Kyberd, P. and Nebrensky, J.J. and Bross, A. and others",
      title          = "{The Design, construction and performance of the MICE scintillating fibre trackers}",
      journal        = "Nucl. Instrum. Meth.",
      volume         = "A659",
      pages          = "136-153",
      doi            = "10.1016/j.nima.2011.04.041",
      year           = "2011",
      eprint         = "1005.3491",
      archivePrefix  = "arXiv",
      primaryClass   = "physics.ins-det",
      reportNumber   = "MICE-NOTE-254, FERMILAB-PUB-09-259-APC, IC-PRE-09-01",
      SLACcitation   = "%%CITATION = ARXIV:1005.3491;%%",
}
@article{NIMA_TOF,
  title = "The design and commissioning of the {MICE} upstream time-of-flight system",
  author = "R. Bertoni et al.",
  journal = "{Nucl. Instrum. Meth.}",
  volume = "A615",
  pages = "14 - 26",
  year = "2010",
}
@misc{MausJournal,
      author = "Rajaram, D.",
      title = "{MAUS: The MICE Analysis and User Software}",
      note = "Currently in production",
}

@article{CkovIEEE,
  author = "{L. Cremaldi, D. A. Sanders, P. Sonnek, D. J. Summers, and J. Reidy, Jr}",
  title = "A Cherenkov Radiation Detector with High Density Aerogels",
  journal = "{IEEE Trans. Nucl. Sci.}",
  volume = "56",
  year = "2009",
  pages = "1475-1478",
}


MICE Theses
-----------
@phdthesis{DavidForrestThesis,
  author         = "Forrest, David Alexander James",
  title          = "{The Muon Ionization Cooling Experiment}",
  school         = "Glasgow U.",
  year           = "2011",
  url            = "http://theses.gla.ac.uk/2839/",
  reportNumber   = "GLAS-THESIS-2011-2839",
}
@phdthesis{ChrisRogersThesis,
  title = "Beam Dynamics in an Ionisation Cooling Channel",
  author = "Chris Rogers",
  school = "Imperial College, University of London",
}
@phdthesis{PaulSmithThesis,
  author = "Paul Smith",
  title = "The Development of the Target Mechanism for the {Muon Ionisation Cooling Experiment (MICE)}",
  year = "2010",
  school = "{Department of Physics and Astronomy, Univeristy of Sheffield}",
}

Proceedings
-----------
@inproceedings{CoolingIPAC18,
  author = "Mohayai, T. and others",
  title = "{First Demonstration of Ionization Cooling in MICE}",
  booktitle = "Proc. 2018 International Particle Accelerator Conference, Vancouver",
  year = "2018",
  note = "FRXGBE3, \href{https://doi.org/10.18429/JACoW-IPAC2018-FRXGBE3}{https://doi.org/10.18429/JACoW-IPAC2018-FRXGBE3}",
  doi = "10.18429/JACoW-IPAC2018-FRXGBE3",
}
@inproceedings{DemoNeutrino16,
  author = "Overton, E. and others",
  booktitle = "The MICE demonstration of muon ionization cooling",
  note = "these proceedings",
  year = "2017",
}
@inproceedings{MausIPAC11,
    author = "Tunnell, C. and Rogers, C",
    title = "{MAUS: MICE Analysis User Software}",
    booktitle = "Proc. 2011 International Particle Accelerator Conference, San Sebastian",
    year = "2011",
    note = "{MOPZ013}",
}
url = "http://micewww.pp.rl.ac.uk/projects/maus/",
@article{KenMice,
  author = "D M Kaplan and K Long",
  title = "{MICE}: {T}he {I}nternational {M}uon {I}onization {C}ooling {E}xperiment",
  journal = "\href{http://arxiv.org/abs/0707.1915v1}{arXiv:0707.1915v1 [physics.acc-ph]}",
}
@inproceedings{NewStepIVOptics,
  author = "Liu, A and others",
  title = "New MICE Step IV Optics without the M1 Coil in SSD",
  booktitle = "IPAC16 proceedings",
  year = "2016",
  note = "{TUPMY006}",
}

@inproceedings{TargetEPAC,
  author = "C. Booth and P. Hodgson and L. Howlett and M.T. Mohammad and R. Nicholson and P. J. Smith and N. Schofield",
  title = "Design and operational experience of the {MICE} target",
  booktitle = "Proceedings of EPAC08",
  year = "2008",
  note = "{ID}: 4227 - {WEPP}110",
}
@inproceedings{IPAC10-MuonBeam,
  author = "A.J. Dobbs and D.J. Adams and M. Apollonio and K.R. Long and J. Pasternak",
  title = "The {MICE} Muon Beam: Status and Progress",
  booktitle = "IPAC10 Proceedings",
  year = "2010",
  note = "{WEPE054}"
}
@inproceedings{TargetOpp_IPAC10,
  author = "P. Hodgson and C.N. Booth and P.J. Smith",
  title = "{MICE} target operation and monitoring",
  booktitle = "IPAC10 Proceedings",
  year = "2010",
  note = "{WEPE}062",
}
@inproceedings{TargetDesign_IPAC10,
  author = "P. Hodgson and C.N. Booth and P.J. Smith and J. Tarrant",
  title = "{MICE} target hardware",
  booktitle = "IPAC10 Proceedings",
  year = "2010",
  note = "{WEPE}063",
}
@inproceedings{PID_DIPAC09,
  author = "V. Verguilov and V. Palladino",
  title = "{Particle Identification Devices in MICE}",
  booktitle = "DIPAC09 Proceedings",
  year = "2009",
  note = "{TUPD15}",
}
@inproceedings{PID_IPAC10,
  author = "M.A. Rayner and M. Bonesini",
  title = "The {MICE} {PID} Detector System",
  booktitle = "IPAC10 Proceedings",
  year = "2010",
  note = "{MOPE}079",
}
@inproceedings{ParticleProduction_IPAC10,
  author = "L. Coney and A. Dobbs and Y. Karadzhov",
  title = "Particle Production in the {MICE} Beamline",
  booktitle = "IPAC10 Proceedings",
  year = "2010",
  note = "{WEPE}079",
}
@inproceedings{BeamLossAndParticleRate_PAC11,
  author = "A. Dobbs and K. Long and A. Alekou",
  title = "The {MICE} Muon Beamline and induced host accelerator beam loss",
  booktitle = "PAC11 Proceedings",
  year = "2011",
  note = "MOP021. Extracts Copyright IEEE.",
}
Unpublished
-----------
@unpublished{MiceLOI,
  author = "A. {B}londel et al",
  title = "Letter of {I}ntent: {A}n {I}nternational {M}uon {I}onization {C}ooling {E}xperiment ({MICE})",
  year = "2002",
  note = "{MICE} {N}ote 1, {MICE-NOTE-GEN-0001}",
}
@unpublished{MiceProposal,
  author = "Gregoire, G. and others",
  title = "Proposal to the Rutherford Applenton Laboratory: An International Muon Ionization Cooling Experiment",
  year = "2003",
  url = "http://mice.iit.edu/micenotes/public/pdf/MICE0021/MICE0021.pdf"
}
@unpublished{Cerenkovs,
  author = "R. Godang and D. Summers and L. Cremaldi",
  title = "{MICE} upstream {C}herenkov detector",
  note = "{MUCOOL} note, {NFMCC}-doc-304-v1",
}
@unpublished{BeamBump,
  author = "D. Adams and M. Popovic",
  title = "Vertical Orbit Bump Perturbations at the {MICE} Target",
  note = "{MICE} {N}ote 284, {MICE-NOTE-BEAM-0284}",
  year = "2010",
}

NuSTORM
////////////////////////////////////////////////////////////////////////////////////////
@article{nuSTORM-Steriles,
  author         = "Adey, D. and others",
  title          = "{Light sterile neutrino sensitivity at the nuSTORM facility}",
  collaboration  = "nuSTORM Collaboration",
  journal        = "Phys.Rev.",
  volume         = "D89",
  pages          = "071301",
  doi            = "10.1103/PhysRevD.89.071301",
  year           = "2014",
  eprint         = "1402.5250",
  archivePrefix  = "arXiv",
  primaryClass   = "hep-ex",
  reportNumber   = "FERMILAB-PUB-14-043-APC-PPD",
  SLACcitation   = "%%CITATION = ARXIV:1402.5250;%%",
}

NuFact Entries
////////////////////////////////////////////////////////////////////////////////////////
@article{CavitiesAndMagets,
  author = "Diktys Stratakis and Juan Gallardo and Robert Palmer",
  title = "Effects of external magnetic fields on the operation of high-gradient accelerating structures",
  journal = "Nucl. Instrum. Meth.",
  volume = "A620",
  pages = "147 - 154",
  year = "2010",
}
@article{MagicBaseline,
  author = "Patrick Huber and Walter Winter",
  title = "Neutrino Factories and the {'}Magic{'} Baseline",
  year = "2003",
  note = "\href{http://arxiv.org/abs/hep-ph/0301257v2}{arXiv:hep-ph/0301257v2}",
}
@misc{IDR,
  title = "International Design Study for the Neutrino Factory: Interim Design Report",
  author = "{The IDS-NF collaboration}",
  year = "2011",
  note = "IDS-NF-020, \href{www.ids-nf.org/wiki/FrontPage/Documentation}{www.ids-nf.org/wiki/FrontPage/Documentation}",
}
@article{ISS-Physics,
  author = "{I}nternational {S}coping {S}tudy {P}hysics {W}orking {G}roup",
  title = "Physics at a future {Neutrino Factory} and {Superbeam} facility",
  journal = "Rep. Prog. Phys.",
  year = "2009",
  volume = "72",
  pages = "106201",
  doi = "10.1088/0034-4885/72/10/106201",
  eprint = "0710.4947",
  archivePrefix  = "arXiv",
  primaryClass   = "hep-ph",
}
@article{MAUSNuFact,
  author = "Rogers, C.T and others",
  title = "Muon front end for the neutrino factory",
  journal = "Phys. Rev. ST Accel. Beams",
  volume = "16",
  year = "2013",
  pages = "040104",
}
@article{ISS-Accelerator,
  author = "{International Scoping Study Accelerator Working Group}",
  title = "Accelerator design concept for future neutrino facilities",
  journal = "JINST",
  volume = "4",
  year = "2009",
  pages = "P07001",
  note = "\href{http://arxiv.org/abs/0802.4023v2}{arXiv:0802.4023v2}",
}
@article{ISS-Detector,
  author = "International Scoping Study Detector Working Group",
  title = "Detectors and Ô¨Çux instrumentation for future neutrino facilities",
  year = "2007",
  note = "\href{http://uk.arxiv.org/abs/0712.4129v1}{arXiv:0712.4129v1}",
}
@inproceedings{PowderJet,
  author = "C.J. Densham et al",
  title = "The Potential of Fluidised Powder Target Technology in High Power Accelerator Facilities",
  journal = "Proceedings of the 23rd Particle Accelerator Conference (PAC09)",
  year = "2009",
  note = "WE1GRC04",
}
@inproceedings{SolidTarget,
  author = "G.P. Skoro et al",
  title = "Solid Target for a {N}eutrino {F}actory",
  booktitle = "Proceedings of the 23rd Particle Accelerator Conference (PAC09)",
  year = "2009",
  note = "WE6RFP039",
}
@unpublished{Feasiblity2,
  title = "Feasibility Study-{II} of a Muon-Based Neutrino Source",
  author = "S. Ozaki et al.",
  year = "2001",
  note = "BNL-52623",
}

Muon Collider Entries
////////////////////////////////////////////////////////////////////////////////////////
@article{MC_Cooling,
  title = "A Complete Scheme of Ionization Cooling for a Muon Collider",
  author = "R. Palmer et al.",
  journal = "\href{http://arxiv.org/abs/0711.4275v1}{arXiv:0711.4275v1}", 
}
@article{MC_Overview,
  title = "Muon {C}olliders and {N}eutrino {F}actories",
  author = "Steve Geer",
  journal = "Annual Review of Nuclear and Particle Science",
  volume = "59",
  pages = "345 - 367",
  year = "2009",
  doi = "10.1146/annurev.nucl.010909.083736",
}
@unpublished{MiceEmittance,
  title = "Beam Envelope Equations in a Solenoidal Field",
  author = "G. Penn",
  year = "2000",
  note = "Muon Collider Note 71, Revision 1",
}

Theory Entries
////////////////////////////////////////////////////////////////////////////////////////
@article{NuParam,
  author = "T. Schwetz and M.A. Tortola and J.W.F. Valle",
  title = "Three-Flavour Neutrino Oscillation Update",
  journal = "New Journal of Physics",
  year = "2008",
  note = "113011",
}
@book{Zuber,
  author = "Kai Zuber",
  title = "Neutrino Physics",
  publisher = "IOP",
  year = "2004",
}
@article{SterileNu,
  title = {Combined analysis of short-baseline neutrino experiments in the $(3+1)$ and $(3+2)$ sterile neutrino oscillation hypotheses},
  author = {Sorel, M.  and Conrad, J. M. and Shaevitz, M. H.},
  journal = {Phys. Rev. D},
  volume = {70},
  number = {7},
  pages = {073004},
  numpages = {16},
  year = {2004},
  month = {Oct},
  doi = {10.1103/PhysRevD.70.073004},
  publisher = {American Physical Society}
}
@book{Frodensen,
  author = "A. G. Frodensen and O. Skjeggestad and H. Tofte",
  title = "Probability and Statistics in Particle Physics",
  publisher = "Universitetsforlaget, Bergen, Norway",
  year = "1979",
  pages = "259",
}

Accelerator Entries
////////////////////////////////////////////////////////////////////////////////////////
@article{RALNuFact,
  title = "The Synchrotron Option for a Multi-Megawatt Proton Driver",
  journal = "Nuclear Physics B - Proceedings Supplements",
  volume = "155",
  number = "1",
  pages = "312 - 314",
  year = "2006",
  note = "Proceedings to the 7th International Workshop on Neutrino Factories and Superbeams",
  issn = "0920-5632",
  doi = "DOI: 10.1016/j.nuclphysbps.2006.02.110",
  howpublished = "\url{http://www.sciencedirect.com/science/article/B6TVD-4JGSB5M-3B/2/fdb33922f89913005586773d075ab6ec}",
  author = "C.R. Prior"
}
@article{Skrinsky,
  author = "A.N. Skrinsky and V.V. Parkhomchuk",
  title = "Cooling methods for beams of charged particles",
  journal = "Sov. J. Part. Nucl.",
  volume = "12",
  year = "1981",
  pages = "223 - 247",
  doi = "10.1142/S1793626808000150",
}
@article{Neuffer,
  author = "David Neuffer",
  title = "Principles and Applications of Muon Cooling",
  year = "1983",
  journal = "Part. Accel.",
  volume = "14",
  pages = "75",
}
@book{Wilson,
  author = "Edmund Wilson",
  title = "An {I}ntroduction to {P}article {A}ccelerators",
  publisher = "{O}xford {U}niversity {P}ress",
  year = "2001",
}
@book{Wiedemann,
  author = "Helmut Wiedemann",
  title = "Particle Accelerator Physics, 3rd edition",
  publisher = "Springer",
  year = "2007",
}
@inproceedings{ISISUpgrade,
  author = "D.J. Adams and I.S.K. Gardner and C.R. Prior and G.H. Rees and C.M. Warsop",
  title = "Possible Megawatt Upgrades for {ISIS}",
  journal = "Proc. 7th European Particle Accelerator Conference (EPAC2000)",
  month = "June",
  year = "2000",
}
@inproceedings{ProjectX,
  author = "M. Popovic",
  title = "Project {X} and a Muon Facility at {F}ermilab",
  year = "2010",
  booktitle = "{AIP} Conference Proceedings",
  volume = "1222",
  pages = "336 - 338",
  note = "\url{http://link.aip.org/link/?APC/1222/336/1}",
}

Other Experiments Entries
////////////////////////////////////////////////////////////////////////////////////////
@article{Goldhaber,
  title = {Helicity of Neutrinos},
  author = {Goldhaber, M.  and Grodzins, L.  and Sunyar, A. W.},
  journal = {Phys. Rev.},
  volume = {109},
  number = {3},
  pages = {1015 - 1017},
  numpages = {2},
  year = {1958},
  month = {Feb},
  doi = {10.1103/PhysRev.109.1015},
  publisher = {American Physical Society},
}
@article{SuperK,
  author = "The Super-Kamiokande collaboration",
  title = "Evidence for oscillation of atmospheric neutrinos",
  journal = "Phys. Rev. Lett.",
  volume = "81",
  year = "1998",
  pages = "1562 - 1567",
}
@article{NuOscDiscovery,
  author = "Takaaki Kajita",
  title = "Discovery of neutrino oscillations",
  journal = "Rep. Prog. Phys.",
  volume = "69",
  pages = "1607 - 1635",
  year = "2006",
}
@article{SNO,
  author = "SNO collaboration",
  title = "Direct evidence for neutrino flavor tranformation from neutral-current interactions in the {S}udbury {N}eutrino {O}bservatory",
  journal = "Phys. Rev. Lett.",
  volume = "89",
  year = "2002",
  note = "No. 1, 011301",
}
@article{KamLand,
  author = "The KamLAND collaboration",
  title = "Measurement of neutrino oscillation with {K}am{LAND}: evidence of spectral distortion",
  journal = "Phys. Rev. Lett.",
  volume = "94",
  year = "2005",
  note = "081801",
}
@article{KatrinLOI,
  author = "{KATRIN} collaboration",
  title = "{KATRIN} Letter of Intent",
  journal = "\href{http://arxiv.org/abs/hep-ex/0109033v1}{arXiv:hep-ex/0109033v1}",
}
@article{NEMO3,
  author = "The {NEMO} Collaboration",
  title = "Study of 2b-decay of {Mo}-100 and {Se}-82 using the {NEMO}3 detector",
  journal = "JETPLett",
  volume = "80",
  pages = "377 - 381",
  year = "2004",
  note = "\href{http://arxiv.org/abs/hep-ex/0410021v1}{arXiv:hep-ex/0410021v1}",
}
@article{DONUT,
  author = "DONUT Collaboration",
  title = "Observation of Tau Neutrino Interactions",
  journal = "Physics Letters B",
  volume = "504",
  pages = "218 - 224",
  year = "2001",
}
@article{Tau,
  author = "M.L. Perl et al",
  title = "Evidence for Anomalous Lepton Production in e+e-- Annihilation",
  journal = "Phys. Rev. Lett.",
  volume = "35",
  number = "22",
  pages = "1489 - 1492",
  year = "1975",
}
@article{KLOE,
  author = "{KLOE} Collaboration",
  title = "The {KLOE} electromagnetic calorimeter",
  journal = "Nucl. Instrum. Meth.",
  volume = "A494",
  pages = "326 - 331",
  year = "2002",
}
@article{DoubleCHOOZ,
  author = "Ardellier, F and others",
  title = "Double {CHOOZ}: A Search for the Neutrino Mixing Angle $\theta_{13}$",
  year = "2006",
  note = "\href{http://arxiv.org/abs/hep-ex/0606025v4}{arXiv:hep-ex/0606025v4}",
}
@article{D0,
  author = "Abachi, S and others",
  title = "The {D0} {D}etector",
  year = "1994",
  journal = "Nucl. Instrum. Meth.",
  volume = "A338",
  pages = "185 - 253",
  doi = "10.1016/0168-9002(94)91312-9"
}

Code Entires
////////////////////////////////////////////////////////////////////////////////////////
@article{GEANT4,
  author = "Agnostinelli, S and others",
  title = "Geant4 {-} a simulation toolkit",
  journal = "Nucl. Instrum. Meth.",
  year = "2003",
  volume = "A506",
  pages = "250 - 303",
  doi = "10.1016/S0168-9002(03)01368-8",
}
@article{GEANT4HPhysics,
  author = "Apostolakis, J and others",
  title = "{Geometry and physics of the geant4 toolkit for high and medium energy applications}",
  journal = "Radiation Physics and Chemistry",
  year = "2009",
  volume = "78(10)",
  pages = "859 - 873",
  url = "\href{https://doi.org/10.1016/j.radphyschem.2009.04.026}{https://doi:10.1016/j.radphyschem.2009.04.026}",
  doi = "10.1016/j.radphyschem.2009.04.026",
}
@article{ROOT,
  author = "R. Brun and F. Rademakers",
  title = "ROOT - An Object Oriented Data Analysis Framework",
  journal = "Nucl. Instrum. Meth.",
  year = "1997",
  volume = "A389",
  pages = "81 - 86",
  doi = "10.1016/S0168-9002(97)00048-X",
  note = "\href{http://root.cern.ch/}{http://root.cern.ch/}",
}
@misc{CLHEP,
  note = "\href{http://cern.ch/clhep}",
}
@inproceedings{G4BeamLine,
  author = "Thomas J. Roberts and Daniel M. Kaplan",
  title = "{G4BeamLine} programme for matter dominated beamlines",
  booktitle = "Proc. 2007 Particle Accelerator Conference,  Albuquerque",
  year = "2007",
  note = "THPAN103",
}

@article{GDML,
    author = "R.~Chytracek, J.~McCormick",
    title = "Geometry Description Markup Language for Physics Simulation and Analysis Applications",
    journal = "IEEE Trans. Nucl. Sci.",
    year = "2006",
    volume = "53",
    pages = "2892-2896"
}

@inproceedings{OrbitPac99,
  author = "J. Galambos et al",
  title = "{ORBIT} - A ring injection code with space charge",
  booktitle = "Proceedings of PAC99",
  year = "1999",
  note = "{THP82}",
}
@techreport{OrbitManual,
  author = "J.D. Galambos and J.A. Holmes and D.K. Olsen and A. Luccio and J. Beebee-Wang",
  title = "{ORBIT} User Manual, version 1.10",
  institution = "SNS/ORNL/AP",
  year = "1999",
  number = "011",
  note = "See \url{http://neutrons.ornl.gov/APGroup/Codes/orbit.htm}",
}

@inproceedings{MapReduce,
  author = "J. Dean and S. Ghemawat",
  title = "{MapReduce}: Simplified Data Processing on Large Clusters",
  institution = "Google Inc.",
  year = "2004",
  booktitle = "Proceedings of {OSDI}04",
  note = "\href{http://research.google.com/archive/mapreduce.html}{http://research.google.com/archive/mapreduce.html}",
 }

Miscellaenous Entries
////////////////////////////////////////////////////////////////////////////////////////
@article{PDG,
      author         = "Olive, K. A. and others",
      title          = "{Review of Particle Physics}",
      collaboration  = "Particle Data Group",
      journal        = "Chin. Phys.",
      volume         = "C38",
      year           = "2014",
      pages          = "090001",
      doi            = "10.1088/1674-1137/38/9/090001",
      SLACcitation   = "%%CITATION = CHPHD,C38,090001;%%"
}

